@Book{STALLINGS:14,
  author = 	 {STALLINGS,  W.},
  title = 	 {Criptografia  e Segurança  de  Redes},
  publisher = 	 {São  Paulo:  Pearson Education, 2014.},
  year = 	 {2014},
  edition = 	 {6ª  edição}
}


@Book{TANENBAUM:03,
  author = 	 {TANENBAUM, A. S.},
  title = 	 {Redes de Computadores},
  publisher = 	 {Campus},
  year = 	 {2003},
  edition = 	 {4ª edição}
}

BURNETT:02

@Book{BURNETT:02,
  author = 	 {BURNETT, S.; PAINE, S},
  title = 	 {Redes de Computadore Criptografia e SegurançãO guia oficial RSA.},
  publisher = 	 {Rio de Janeiro: Campus},
  year = 	 {2002},
  edition = 	 {1ª edição}
}

@InCollection{smith:99,
  author = 	 {A. Smith and B. Jones},
  title = 	 {On the Complexity of Computing},
  booktitle = 	 {Advances in Computer Science},
  pages = 	 {555--566},
  publisher =    {Publishing Press},
  year = 	 {1999},
  editor = 	 {A. B. Smith-Jones}
}

@Book{followzup,
  author = 	 {FOLLOWZUP},
  title = 	 {Comunicação Criptografada Entre Aplicações e Dispositivos Móveis
},
  publisher = 	 {http://followzup.com/wiki/doku.php?id=br-000-index},
  year = 	 {2017},
  edition = 	 {20 de maio de 2019}
}

